@article{Barr1907,
  title = {Louis {{Brennan}}'s {{Gyro-mono-rail}}: {{An}} Invention That Is Likely to Revolutionise the Traffic of the World},
  author = {Barr, Robert},
  year = {1907},
  month = sep,
  journal = {The idler; an illustrated monthly magazine},
  volume = {31},
  number = {60},
  pages = {650--657}
}

@article{Ruijs1985,
  title = {Research in Lateral Dynamics of Motorcycles},
  author = {Ruijs, P. A. and Pacejka, H. B.},
  year = {1985},
  journal = {Vehicle System Dynamics},
  volume = {14},
  number = {1\textendash 3},
  pages = {149--152},
  bib = {bibtex-keys\#Ruijs1985},
  bibpr = {private-bibtex-keys\#Ruijs1985},
  owner = {moorepants},
  timestamp = {2009.11.03},
  file = {/home/moorepants/Zotero/storage/GSDXBHDT/Ruijs and Pacejka - 1985 - Research in lateral dynamics of motorcycles.pdf}
}
